@book{ninguem2022curioso,
    author = {Senhor Ninguem},
    title = {O curioso caso do livro que ninguém escreveu},
    publisher = {Editora Fantasia},
    address = {Terra do Nunca},
    year = {2022}
}

@article{alguem2022nada,
  title={Nada de interessante},
  author={Seu Alguem},
  journal={Desconhecido},
  volume={1},
  number={1},
  pages={1--10},
  year={2022},
  publisher={Editora Imaginação}
}